<collection xmlns="http://www.loc.gov/MARC21/slim">
<record>
  <leader>00376na 0a22001211i 450 </leader>
  <controlfield tag="001">IT\ICCU\CNCE\064428</controlfield>
  <controlfield tag="005">20060410000000.0</controlfield>
  <datafield tag="100" ind1=" " ind2=" ">
    <subfield code="a">20060410             0itac0103    ba</subfield>
  </datafield>
  <datafield tag="101" ind1=" " ind2=" ">
    <subfield code="a">LAT</subfield>
  </datafield>
  <datafield tag="200" ind1="1" ind2=" ">
    <subfield code="a">Conclusiones in sacra theologia</subfield>
  </datafield>
  <datafield tag="700" ind1=" " ind2="1">
    <subfield code="a">Messeni,</subfield>
    <subfield code="b">Vicente</subfield>
    <subfield code="3">IT\ICCU\CNCA\007470</subfield>
  </datafield>
  <datafield tag="790" ind1=" " ind2="1">
    <subfield code="a">Messenius,</subfield>
    <subfield code="b">Vincentius</subfield>
    <subfield code="3">IT\ICCU\CNCA\017166</subfield>
    <subfield code="z">Messeni, Vicente</subfield>
  </datafield>
  <datafield tag="801" ind1=" " ind2="3">
    <subfield code="a">IT</subfield>
    <subfield code="b">ICCU</subfield>
    <subfield code="c">20201115</subfield>
  </datafield>
</record>
</collection>
